<record><leader>00000cas a22000007a 4500</leader><controlfield tag="001">17358966</controlfield><controlfield tag="008">880119d18831894ohuwr ne      0    0eng d</controlfield><datafield ind1=" " ind2=" " tag="010"><subfield code="a">sn 88077048 </subfield></datafield><datafield ind1=" " ind2=" " tag="040"><subfield code="a">ONP</subfield><subfield code="b">eng</subfield><subfield code="c">ONP</subfield><subfield code="d">OCLCQ</subfield></datafield><datafield ind1=" " ind2=" " tag="042"><subfield code="a">msc</subfield></datafield><datafield ind1="0" ind2=" " tag="130"><subfield code="a">Bellefontaine examiner (Bellefontaine, Ohio : 1883)</subfield></datafield><datafield ind1="1" ind2="4" tag="245"><subfield code="a">The Bellefontaine examiner.</subfield></datafield><datafield ind1=" " ind2=" " tag="260"><subfield code="a">Bellefontaine, Ohio :</subfield><subfield code="b">Thomas Hubbard,</subfield><subfield code="c">1883-1894.</subfield></datafield><datafield ind1=" " ind2=" " tag="310"><subfield code="a">Weekly</subfield></datafield><datafield ind1="0" ind2=" " tag="362"><subfield code="a">Vol. 12, no. 24 (Feb. 16, 1883)-v. 23, no. 37 (Apr. 26, 1894).</subfield></datafield><datafield ind1=" " ind2=" " tag="752"><subfield code="a">United States</subfield><subfield code="b">Ohio</subfield><subfield code="c">Logan</subfield><subfield code="d">Bellefontaine.</subfield></datafield><datafield ind1="0" ind2=" " tag="775"><subfield code="t">Daily examiner (Bellefontaine, Ohio)</subfield><subfield code="w">(DLC)sn 88077050</subfield></datafield><datafield ind1="0" ind2="0" tag="780"><subfield code="t">Weekly examiner (Bellefontaine, Ohio : 1871)</subfield><subfield code="w">(DLC)sn 85038154</subfield></datafield><datafield ind1="0" ind2="0" tag="785"><subfield code="t">Weekly examiner (Bellefontaine, Ohio : 1894)</subfield><subfield code="w">(DLC)sn 88077049</subfield></datafield></record>